<record xmlns="http://www.loc.gov/MARC21/slim" xmlns:xsi="http://www.w3.org/2001/XMLSchema-instance" xsi:schemaLocation="http://www.loc.gov/MARC21/slim http://www.loc.gov/standards/marcxml/schema/MARC21slim.xsd"><leader>01772nam a2200361   4500</leader><controlfield tag="001">001683087</controlfield><controlfield tag="003">NNU</controlfield><controlfield tag="006">m        d        </controlfield><controlfield tag="007">cr cn |||m|||a</controlfield><controlfield tag="008">140707r19681901iq      ob    000 0 arard</controlfield><datafield ind1=" " ind2=" " tag="040"><subfield code="a">NNU</subfield><subfield code="b">eng</subfield><subfield code="c">NNU</subfield></datafield><datafield ind1="0" ind2=" " tag="050"><subfield code="a">PJ7696.T3</subfield><subfield code="b">A6 1968</subfield></datafield><datafield ind1="0" ind2=" " tag="100"><subfield code="a">&#7788;arafah ibn al-&#699;Abd.</subfield></datafield><datafield ind1="1" ind2="0" tag="240"><subfield code="a">Poems</subfield></datafield><datafield ind1="1" ind2="0" tag="245"><subfield code="a">D&#299;w&#257;n &#7788;arafah ibn al-&#699;Abd al-Bakr&#299;</subfield><subfield code="h">[electronic resource] :</subfield><subfield code="b">ma&#699;a shar&#7717; Y&#363;suf al-A&#699;lam al-Shantamar&#299; ... /</subfield><subfield code="c">wa-qad i&#699;tan&#225; bi-ta&#7779;&#7717;&#299;&#7717;ihi wa-naqalahu il&#225; al-lughah al-Farans&#257;w&#299;yah Maks Silighs&#363;n.</subfield></datafield><datafield ind1=" " ind2=" " tag="260"><subfield code="a">[Baghdad :</subfield><subfield code="b">Maktabat al-Muthann&#225;,</subfield><subfield code="c">1968?]</subfield></datafield><datafield ind1=" " ind2=" " tag="300"><subfield code="a">online resource (160, 37, xvi p.)</subfield></datafield><datafield ind1=" " ind2=" " tag="500"><subfield code="a">Introd. in French.</subfield></datafield><datafield ind1=" " ind2=" " tag="500"><subfield code="a">Title on added t.p.: D&#238;w&#226;n de Tarafa ibn al-Abd al-Bakr&#238;.</subfield></datafield><datafield ind1=" " ind2=" " tag="500"><subfield code="a">Part of the Arabic Collections Online (ACO) project, contributed by New York Univeristy Libraries.</subfield></datafield><datafield ind1=" " ind2=" " tag="504"><subfield code="a">Includes bibliographical references (p. xiv-xvi).</subfield></datafield><datafield ind1=" " ind2=" " tag="533"><subfield code="a">Electronic reproduction.</subfield><subfield code="b">New York, N.Y. :</subfield><subfield code="c">New York University,</subfield><subfield code="d">2014.</subfield><subfield code="5">NNU</subfield></datafield><datafield ind1=" " ind2=" " tag="534"><subfield code="p">Arabic text originally published:</subfield><subfield code="c">Paris : &#201;. Bouillon, 1901.</subfield></datafield><datafield ind1=" " ind2=" " tag="500"><subfield code="a">Cover title.</subfield></datafield><datafield ind1=" " ind2=" " tag="500"><subfield code="a">Reprint of the Arabic text of the ed. prepared by M. Seligsohn, and published in Paris, 1901.</subfield></datafield><datafield ind1="1" ind2=" " tag="700"><subfield code="a">A&#699;lam al-Shantamar&#299;, Y&#363;suf ibn Sulaym&#257;n,</subfield><subfield code="d">1019 or 20-1083 or 4.</subfield></datafield><datafield ind1="1" ind2=" " tag="700"><subfield code="a">Seligsohn, Max,</subfield><subfield code="d">b. 1865.</subfield></datafield><datafield ind1="2" ind2=" " tag="710"><subfield code="a">New York University.</subfield><subfield code="b">Libraries.</subfield></datafield><datafield ind1="0" ind2=" " tag="730"><subfield code="a">Arabic Collections Online.</subfield></datafield><datafield ind1="0" ind2=" " tag="740"><subfield code="a">D&#238;w&#226;n de &#7788;arafa ibn al-&#699;Abd al-Bakr&#238;.</subfield></datafield><datafield ind1="0" ind2="8" tag="776"><subfield code="i">Print version:</subfield><subfield code="a">&#7788;arafah ibn al-&#699;Abd.</subfield><subfield code="t">D&#299;w&#257;n &#7788;arafah ibn al-&#699;Abd al-Bakr&#299;</subfield><subfield code="w">(NNU)001683087</subfield><subfield code="w">(DLC)74961269 /NE</subfield></datafield><datafield ind1="4" ind2="0" tag="856"><subfield code="u">http://hdl.handle.net/2333.1/9zw3r3vs</subfield></datafield><datafield ind1=" " ind2=" " tag="959"><subfield code="a">NNU</subfield><subfield code="b">WEB</subfield><subfield code="c">GENI</subfield><subfield code="t">0</subfield><subfield code="m">Electronic access</subfield><subfield code="s">01</subfield></datafield></record>